Article{Kuhn:1993ra,
	author    = "Kuhn, Johann H.",
	title     = "Tau kinematics from impact parameters",
	journal   = "Phys. Lett.",
	volume    = "B313",
	year      = "1993",
	pages     = "458-460",
	eprint    = "hep-ph/9307269",
	annote    = "Paper Mark loaned me that has cone-matching info",
	SLACcitation  = "%%CITATION = HEP-PH 9307269;%%"
}
@Manual{LIBSVM,
	author =	 {Chih-Chung Chang and Chih-Jen Lin},
	title =	 {{LIBSVM}: a library for support vector machines},
	year =	 {2001},
	note =	 {Software available at \url{http://www.csie.ntu.edu.tw/~cjlin/libsvm}}
}

@Article{LL,
	author="H.-T. Lin and C.-J. Lin", 
	title="A study on sigmoid kernels for SVM and the training of non-PSD kernels by SMO-type methods",
	journal="Technical report, Department of Computer Science, National Taiwan University",
	year="2003"
}

@Article{SSK,
	author= "S. S. Keerthi and C.-J. Lin",
	title="Asymptotic behaviors of support vector machines with Gaussian kernel",
	journal="Neural Computation",
	year="2003"
}
@Article{Kussul_improvedmethod,
	author = "Ernst Kussul and Tatyana Baidyk",
	title = "Improved Method of Handwritten Digit Recognition"
}
@misc{Morgan.Kaufmann,
	author 	=	 "Morgan.Kaufmann",
	title  	=       "Data Mining Practical Machine Learning Tools",
	year	=	 "2005",
	edition	=	"second"
}
@Article{DT_NPC,
	author="Laurent Hyafil, RL Rivest",
	title="Constructing Optimal Binary Decision Trees is NP-complete",
	journal="Information Processing Letters",
	year="1976"
}
@Article{SVM,
	title="A Practical Guide to Support Vector Classification",
	author="Chih-Wei Hsu, Chih-Chung Chang, and Chih-Jen Lin",
	year="2009"
}
@Article{boosting,
	title="Boosting the Margin:A New Explanation for the Effectiveness of Voting Methods",
	author="Robert E. Schapire,Yoav Freund,Peter Bartlett,Wee Sun Lee",
	journal="The Annals of Statistics",
	year="1998"
}


