Article{Kuhn:1993ra,
	author    = "Kuhn, Johann H.",
	title     = "Tau kinematics from impact parameters",
	journal   = "Phys. Lett.",
	volume    = "B313",
	year      = "1993",
	pages     = "458-460",
	eprint    = "hep-ph/9307269",
	annote    = "Paper Mark loaned me that has cone-matching info",
	SLACcitation  = "%%CITATION = HEP-PH 9307269;%%"
}
@Article{Kussul_improvedmethod,
	author = "Ernst Kussul and Tatyana Baidyk",
	title = "Improved Method of Handwritten Digit Recognition"
}
@misc{Morgan.Kaufmann,
	author 	=	 "Morgan.Kaufmann",
	title  	=       "Data Mining Practical Machine Learning Tools",
	year	=	 "2005",
	edition	=	"second"
}
@Article{DT_NPC,
	author="Laurent Hyafil, RL Rivest",
	title="Constructing Optimal Binary Decision Trees is NP-complete",
       	journal="Information Processing Letters",
       	year="1976"
}
@Article{SVM,
	title="A Practical Guide to Support Vector Classification",
	author="Chih-Wei Hsu, Chih-Chung Chang, and Chih-Jen Lin",
	year="2009"
}
@Article{boosting,
	title="Boosting the Margin:A New Explanation for the Effectiveness of Voting Methods",
	author="Robert E. Schapire,Yoav Freund,Peter Bartlett,Wee Sun Lee",
       	journal="The Annals of Statistics",
       	year="1998"
}


